@article{fifteen,
  author = "Manjul Bhargava",
  title = "On the Conway-Schneeberger Fifteen Theorem",
  journal = "Contemporary Mathematics",
  volume = "272",
  pages = "27--37",
  year = "2000",
  DOI = "https://doi.org/10.1090/conm/272"
},
@article{twoninety,
  title={Universal quadratic forms and the 290 theorem},
  author={Bhargava, Manjul and Hanke, Jonathan},
  journal={Ann. of Math. (2)},
  volume={177},
  number={1},
  pages={291--321},
  year={2013}
}